<?xml version="1.0" encoding="UTF-8"?><collection xmlns="http://www.loc.gov/MARC21/slim"><record><leader>00634nam--2200193-i-4500</leader><controlfield tag="001">000022311</controlfield><controlfield tag="002">20161230</controlfield><controlfield tag="005">20161230201034</controlfield><controlfield tag="008">060222s1000------------r-----000-0-rus-d</controlfield><datafield ind1=" " ind2=" " tag="040"><subfield code="a">IFIN-HH</subfield></datafield><datafield ind1=" " ind2=" " tag="041"><subfield code="a">rus</subfield></datafield><datafield ind1=" " ind2=" " tag="080"><subfield code="a">517.947.44:531</subfield></datafield><datafield ind1="1" ind2=" " tag="110"><subfield code="a">Akademiia Nauk SSSR</subfield></datafield><datafield ind1="1" ind2="0" tag="245"><subfield code="a">Trudi mejdunarodnogo simpoziuma po nelineinih kolebaniiam</subfield><subfield code="b">Mejdunarodnii soioz po teoreticesloi i prikladnoi mehanike. Kiev 12-18 Sept. 1961 g</subfield></datafield><datafield ind1=" " ind2=" " tag="260"><subfield code="a">Kiev</subfield><subfield code="b">Akademii Nauk SSSR</subfield></datafield><datafield ind1=" " ind2=" " tag="300"><subfield code="a">2 volume</subfield></datafield><datafield ind1="1" ind2=" " tag="787"><subfield code="a">Vol.II</subfield><subfield code="b">542 p</subfield><subfield code="d">1963</subfield><subfield code="t">Kacestvennie metodi teorii nelineinih kolebanii</subfield></datafield><datafield ind1=" " ind2=" " tag="852"><subfield code="a">9097</subfield><subfield code="c">534</subfield></datafield><datafield ind1=" " ind2=" " tag="CAT"><subfield code="a">Sys</subfield><subfield code="c">20101006</subfield><subfield code="h">123324</subfield></datafield></record></collection>